<?xml version="1.0" encoding="UTF-8"?><collection><record><leader>09640ntm a2200685 a 4500</leader><controlfield tag="001">006815074</controlfield><controlfield tag="003">MiAaHDL</controlfield><controlfield tag="005">20190719000000.0</controlfield><controlfield tag="006">m        d        </controlfield><controlfield tag="007">cr bn ---auaua</controlfield><controlfield tag="008">090610s1594    xx            00| ||ara d</controlfield><datafield tag="035" ind1=" " ind2=" "><subfield code="a">(MiU)006815074</subfield></datafield><datafield tag="035" ind1=" " ind2=" "><subfield code="a">sdr-miu006815074</subfield></datafield><datafield tag="040" ind1=" " ind2=" "><subfield code="a">MiU</subfield><subfield code="c">MiU</subfield><subfield code="e">amremm</subfield></datafield><datafield tag="043" ind1=" " ind2=" "><subfield code="a">n-us-mi</subfield></datafield><datafield tag="100" ind1="1" ind2=" "><subfield code="6">880-01</subfield><subfield code="a">Ḥamawī, ʻAlī ibn ʻAṭīyah,</subfield><subfield code="d">-1530.</subfield></datafield><datafield tag="245" ind1="1" ind2="0"><subfield code="6">880-02</subfield><subfield code="a">Sharḥ al-Tā’īyah,</subfield><subfield code="f">[1002, i.e. 1594].</subfield></datafield><datafield tag="246" ind1="3" ind2=" "><subfield code="i">Title in Fihris makhṭūṭāt Dār al-Kutub al-Ẓāhirīyah:</subfield><subfield code="a">سلك العين لاذهاب الغين</subfield></datafield><datafield tag="246" ind1="3" ind2=" "><subfield code="i">Title in Fihris makhṭūṭāt Dār al-Kutub al-Ẓāhirīyah:</subfield><subfield code="a">شرح تائية ابن حبيب الصفدي</subfield></datafield><datafield tag="246" ind1="3" ind2=" "><subfield code="6">880-05</subfield><subfield code="i">Title in Kashf al-ẓunūn :</subfield><subfield code="a">Nazḥ al-shayn</subfield></datafield><datafield tag="246" ind1="3" ind2=" "><subfield code="6">880-04</subfield><subfield code="i">Title in Kashf al-ẓunūn :</subfield><subfield code="a">Kashf al-rayn</subfield></datafield><datafield tag="246" ind1="3" ind2=" "><subfield code="6">880-03</subfield><subfield code="i">Title in Kashf al-ẓunūn :</subfield><subfield code="a">Nūr al-ʻayn</subfield></datafield><datafield tag="260" ind1=" " ind2=" "><subfield code="c">[1594].</subfield></datafield><datafield tag="300" ind1=" " ind2=" "><subfield code="a">189 leaves :</subfield><subfield code="b">paper ;</subfield><subfield code="c">215 x 142 (173-180 x 83-85) mm.</subfield></datafield><datafield tag="500" ind1=" " ind2=" "><subfield code="a">Shelfmark: Ann Arbor, University of Michigan, Special Collections Library, Isl. Ms. 635</subfield></datafield><datafield tag="500" ind1=" " ind2=" "><subfield code="a">Origin: As appears in colophon on p.371, copied for himself ("faragha min taʻlīqih kitābatan ... ʻalá yad man ʻallaqahu li-nafsih...") by ʻAlī ibn ʻAbd al-Laṭīf al-Ayyūbī al-ʻAlamī [al-ʻIlmī ?] al-Liddī al-Shāfiʻī al-Qādirī with transcription completed 15 Jumādá II 1002 [ca. 8 March 1594].</subfield></datafield><datafield tag="500" ind1=" " ind2=" "><subfield code="a">Accompanying materials: Acquisitions slip from Yahuda.</subfield></datafield><datafield tag="500" ind1=" " ind2=" "><subfield code="a">Former shelfmark: From interior of upper cover and spine label "IL 187a" (likely supplied by Yahuda, see acquisitions slip).</subfield></datafield><datafield tag="500" ind1=" " ind2=" "><subfield code="a">Binding: Pasteboards covered in layers of leather and paper, upper cover in brown leather with laid paper over top, lower cover marbled paper (in light blue, pink, etc. and possibly also over red-brown leather) with layers of paper over top, spine and fore edge flap now covered in brown leather ; Type II binding (with flap) ; board linings in yellow laid paper (doublure hinges trimmed in a scallop pattern) ; upper cover bears stamped mandorla (filled with vegetal composition) ; sewn in heavy dark yellow thread (even yarn), two stations ; overall in quite poor condition with significant abrasion, lifting and losses of paper and leather, delamination of boards, upper cover detaching, fore edge flap splitting, etc. ; numerous repairs in brown leather (also damaged) ; ill-fitting, perhaps not original ; housed in box for protection.</subfield></datafield><datafield tag="500" ind1=" " ind2=" "><subfield code="a">Support: European laid paper with 7 laid lines per cm. (vertical), chain lines spaced 29 mm. apart (horizontal), anchor in circle with leaf above watermark (70 mm. tall, see p.102) and "M [?]" under trefoil countermark (see pp.104-5) ; sturdy, well-sized and burnished.</subfield></datafield><datafield tag="500" ind1=" " ind2=" "><subfield code="a">Decoration: Keywords and some abbreviation symbols rubricated ; textual dividers in the form of red discs or inverted commas.</subfield></datafield><datafield tag="500" ind1=" " ind2=" "><subfield code="a">Script: Naskh ; clear, compact 'Syrian' (Palestinian) hand ; virtually serifless with very slight effect of tilt to the left and of words descending to baseline, many open counters, descenders mainly more rectilinear, kāf mashqūqah preferred (even final kāf), pointing in distinct dots, occasional vocalization.</subfield></datafield><datafield tag="500" ind1=" " ind2=" "><subfield code="a">Layout: Written mainly in 23 lines per page ; written area occasionally divided to two columns to set off poetry.</subfield></datafield><datafield tag="500" ind1=" " ind2=" "><subfield code="a">Collation: 6 IV (48), V-1 (57), V (67), 3 IV(91), V (101), IV (109), 2 V(129), IV (137), 2 V(157), 2 IV(173), V (183), III (189) ; mix of quaternions and quinions ; catchwords present ; pagination in pencil, Western numerals, supplied during digitization (skips two pages between pp.175-176).</subfield></datafield><datafield tag="500" ind1=" " ind2=" "><subfield code="a">Colophon: "Scribal," triangular, reads "فرغ من تعليقه كتابة نهار الاثنين خامس عشر شهر جمادى الثاني سنة اثنين والف احسن الله خاتمها بخير على يد من علقه لنفسه ولمن شاء الله تعالى من بعده الفقير علي بن عبد اللطيف الايوبي العليمي اللدي الشافعي القادري غفر الله زلله وستر الله خلله وغفر له ولوالديه ولجميع المسلمين والحمد لله رب العالمين وصلى الله على سيدنا محمد واله وصحبه وسلم امين"</subfield></datafield><datafield tag="500" ind1=" " ind2=" "><subfield code="a">Explicit: "فرض امر الصلاة والسلام على النبي المكرم صلى الله عليه وسلم توسلا الى الله العظيم الاعظم ... وحقيقة وصفة الى الله الواسع المنان اللهم وادخلنا في عبادك الصالحين واختم لنا بخير ولجميع المسلمين امين والحمد لله الذي هدانا لهذا وما كنا لنهتدي لو لا ان هدانا الله اللهم لك الحمد كما ينبغي لجلال وجهك ولعظيم سلطانك اللهم صل وسلم وبارك على سيدنا محمد ... دعواهم فيها سبحانك واللهم وتحيتهم فيها سلام واخر دعواهم ان الحمد لله رب العالمين"</subfield></datafield><datafield tag="500" ind1=" " ind2=" "><subfield code="a">Incipit: "الحمد لله هادي من يشاء الى سبيله ومغني من اختاره لمعرفته بنور يقينه عن اقامة برهانه ودليله ... اما بعد فان علم السلوك فرض عين بلا خلاف على الذكور والاناث والعبيد والاشراف ... وكتب السلوك كثيرة لا تكاد تحصر لكن من اجلها وانفعها واجمعها واخصر [اخصرها] كتاب سلك العين لاذهاب الغين تسمية المصطفى عليه الصلاة والسلام تأليف الشيخ العارف الرباني سيدي عبد القادر بن عمر بن حبيب الصفدي من بلاد الشام ..."</subfield></datafield><datafield tag="500" ind1=" " ind2=" "><subfield code="a">Title from inscription on upper board lining.</subfield></datafield><datafield tag="500" ind1=" " ind2=" "><subfield code="a">Ms. codex.</subfield></datafield><datafield tag="510" ind1="4" ind2=" "><subfield code="a">Fihris makhṭūṭāt Dār al-Kutub al-Ẓāhirīyah: al-taṣawwuf. Dimashq : Majmaʻ al-Lughah al-ʻArabīyah bi-Dimashq, 1978,</subfield><subfield code="c">v.2 p.50</subfield></datafield><datafield tag="510" ind1="4" ind2=" "><subfield code="a">Ḥājjī Khalīfah. Kashf al-ẓunūn,</subfield><subfield code="c">ii 90 ; iii 609 ; [2 / 997]</subfield></datafield><datafield tag="510" ind1="4" ind2=" "><subfield code="a">Brockelmann, C. GAL,</subfield><subfield code="c">II 123 ; II 333</subfield></datafield><datafield tag="520" ind1="8" ind2=" "><subfield code="a">Fine copy of the commentary by ʻAlī ibn ʻAṭīyah ibn Ḥasan, ʻAlwān al-Ḥamawī (d.1530) on the Ṣūfī qaṣīdah in tāʼ by ‘Abd al-Qādir ibn Muḥammad ibn ʻUmar ibn Ḥabīb al-Ṣafadī (d. 1509) entitled Silk al-ʻayn li-idhhāb al-ghayn. Followed by several excerpts (pp.372-375).</subfield></datafield><datafield tag="538" ind1=" " ind2=" "><subfield code="a">Mode of access: Internet.</subfield></datafield><datafield tag="541" ind1=" " ind2=" "><subfield code="a">Acquired in 1926 from the bookseller Isaac Benjamin S.E. Yahuda via purchase transacted on his behalf by his younger brother, the famous Orientalist and manuscript collector Abraham Shalom Yahuda (1877-1951).</subfield></datafield><datafield tag="546" ind1=" " ind2=" "><subfield code="a">Arabic.</subfield></datafield><datafield tag="561" ind1=" " ind2=" "><subfield code="a">Several reading / study notes in upper board lining, one in name of ʻUmar ibn ʻAlī Ibn al-Sukkarī ( عمر ابن علي ابن السكرى ) and another in name of Muḥammad Saʻīd ibn al-Ayyūbī [?] ( محمد سعيد ابن الايوبي ) ; possible former inventory mark on upper board lining ; also on upper board lining ownership statement in name of ʻAbd al-Qādir ibn ʻUmar al-Taghlabī al-Ḥanbalī (1642 or 3-1722 or 3 ; عبد القادر ابن عمر التغلبي الحنبلي ) ; partially effaced ownership statement on 'title page' (p.1), reads "من كتب العبد الفقير اليه تعالى عبد الرحمن ...؟" ; waqf statement dated 1168 [1753 or 4] on incipit page (p.2) in name of al-Ḥājj Maḥmūd al-Ṣihrānī ( محمود الصهراني ), reads "من موقوفات المرحوم الحاج محمود الصهراني سنة ۱۱٦۷" (compare statement in Isl. Ms. 489) ; numerous marginal corrections ; collation note at close on p.371 reads "بلغ مقابلة حسب الطاقة والامكان بحمد الله المنان" ; reading / study note on p.373 in name of Rajab ibn Abī Bakr Sarī al-Dīn al-Aʻlam ( رجب بن ابي بكر سري الدين الاعلم ) ; two study / reading notes on p.376, one in name of Ḥasan ibn Muḥammad ( حسن بن محمد ) dated 1089 [1678 or 9], the other in name of Muṣṭafá al-Najjār [?] ( مصطفى النجار ) dated 1101 [1689 or 90] ; inscription on lower cover in name of Muḥammad ibn al-Shaykh ʻAlī al-Muʻarribānī [?] ( محمد ابن الشيخ علي المعربانى ) dated 1013 [1604 or 5] ; collation marks.</subfield></datafield><datafield tag="600" ind1="1" ind2="0"><subfield code="a">Ṣafadī, ʻAbd al-Qādir ibn Muḥammad,</subfield><subfield code="d">d. 1509 or 10.</subfield><subfield code="t">Silk al-ʻayn li-idhhāb al-ghayn.</subfield></datafield><datafield tag="650" ind1=" " ind2="0"><subfield code="a">Manuscripts, Arabic</subfield><subfield code="z">Michigan</subfield><subfield code="z">Ann Arbor.</subfield></datafield><datafield tag="650" ind1=" " ind2="0"><subfield code="a">Sufi poetry, Arabic</subfield><subfield code="x">History and criticism</subfield><subfield code="v">Early works to 1800.</subfield></datafield><datafield tag="700" ind1="1" ind2=" "><subfield code="6">880-07</subfield><subfield code="a">Taghlabī, ʻAbd al-Qādir ibn ʻUmar,</subfield><subfield code="d">1642 or 1643-1722 or 1723.</subfield><subfield code="e">former owner.</subfield></datafield><datafield tag="700" ind1="0" ind2=" "><subfield code="6">880-06</subfield><subfield code="a">ʻAlī ibn ʻAbd al-Laṭīf al-Ayyūbī al-ʻAlamī al-Liddī,</subfield><subfield code="d">fl. 1594,</subfield><subfield code="e">scribe.</subfield></datafield><datafield tag="773" ind1="0" ind2=" "><subfield code="a">Yahuda Collection.</subfield></datafield><datafield tag="880" ind1="1" ind2=" "><subfield code="6">700-07/</subfield><subfield code="a">تغلبي، عبد القادر بن عمر,</subfield><subfield code="e">مالك سابق.</subfield></datafield><datafield tag="880" ind1="0" ind2=" "><subfield code="6">700-06/</subfield><subfield code="a">علي بن عبد اللطيف الايوبي العلمي اللدي،</subfield><subfield code="e">ناسخ.</subfield></datafield><datafield tag="880" ind1="3" ind2=" "><subfield code="6">246-05/</subfield><subfield code="a">نزح الشين</subfield></datafield><datafield tag="880" ind1="3" ind2=" "><subfield code="6">246-04/</subfield><subfield code="a">كشف الدين</subfield></datafield><datafield tag="880" ind1="3" ind2=" "><subfield code="6">246-03/</subfield><subfield code="a">نور العين</subfield></datafield><datafield tag="880" ind1="1" ind2="0"><subfield code="6">245-02/</subfield><subfield code="a">شرح التائية,</subfield><subfield code="f">[1002ه، 1594م].</subfield></datafield><datafield tag="880" ind1="1" ind2=" "><subfield code="6">100-01/</subfield><subfield code="a">حموي، علي بن عطية.</subfield></datafield><datafield tag="CID" ind1=" " ind2=" "><subfield code="a">006815074</subfield></datafield><datafield tag="DAT" ind1="0" ind2=" "><subfield code="a">20190719102638.0</subfield><subfield code="b">20190719000000.0</subfield></datafield><datafield tag="DAT" ind1="1" ind2=" "><subfield code="a">20190719090653.0</subfield><subfield code="b">2019-07-19T16:11:49Z</subfield></datafield><datafield tag="DAT" ind1="2" ind2=" "><subfield code="a">2015-10-02T18:00:03Z</subfield></datafield><datafield tag="CAT" ind1=" " ind2=" "><subfield code="a">SDR-MIU</subfield><subfield code="d">EX LIBRIS - ALEPH</subfield><subfield code="l">prepare.pl-004-008</subfield></datafield><datafield tag="FMT" ind1=" " ind2=" "><subfield code="a">BK</subfield></datafield><datafield tag="HOL" ind1=" " ind2=" "><subfield code="0">sdr-miu006815074</subfield><subfield code="a">MiU</subfield><subfield code="b">SDR</subfield><subfield code="c">MIU</subfield><subfield code="p">mdp.39015079129261</subfield><subfield code="s">MIU</subfield><subfield code="1">006815074</subfield></datafield><datafield tag="974" ind1=" " ind2=" "><subfield code="b">MIU</subfield><subfield code="c">MIU</subfield><subfield code="d">20190719</subfield><subfield code="s">lit-dlps-dc</subfield><subfield code="u">mdp.39015079129261</subfield><subfield code="y">1594</subfield><subfield code="r">pd</subfield><subfield code="q">bib</subfield><subfield code="t">non-US bib date1 &lt; 1896</subfield></datafield></record></collection>